<collection xmlns="http://www.loc.gov/MARC21/slim">
   <record>
      <leader>02195cam a2200421 i 45 0</leader>
      <controlfield tag="001">6756796</controlfield>
      <controlfield tag="003">OCoLC</controlfield>
      <controlfield tag="005">20150126134227.0</controlfield>
      <controlfield tag="008">140206s2015    nyu    c      000 1 eng  </controlfield>
      <datafield ind1=" " ind2=" " tag="010">
         <subfield code="a">  2014002168</subfield>
      </datafield>
      <datafield ind1=" " ind2=" " tag="020">
         <subfield code="a">9780803740815 (hbk.)</subfield>
      </datafield>
      <datafield ind1=" " ind2=" " tag="020">
         <subfield code="a">0803740816 (hbk.)</subfield>
      </datafield>
      <datafield ind1=" " ind2=" " tag="035">
         <subfield code="a">ocn870211284</subfield>
      </datafield>
      <datafield ind1=" " ind2=" " tag="040">
         <subfield code="a">DLC</subfield>
         <subfield code="e">rda</subfield>
         <subfield code="b">eng</subfield>
         <subfield code="c">DLC</subfield>
         <subfield code="d">IG#</subfield>
         <subfield code="d">BDX</subfield>
         <subfield code="d">YDXCP</subfield>
         <subfield code="d">BTCTA</subfield>
         <subfield code="d">OCLCF</subfield>
         <subfield code="d">YCC</subfield>
         <subfield code="d">OCLCO</subfield>
         <subfield code="d">AFMK</subfield>
      </datafield>
      <datafield ind1=" " ind2=" " tag="043">
         <subfield code="a">e-uk---</subfield>
      </datafield>
      <datafield ind1="0" ind2="0" tag="050">
         <subfield code="a">PZ7.B7247</subfield>
         <subfield code="b">War 2015</subfield>
      </datafield>
      <datafield ind1="0" ind2="0" tag="082">
         <subfield code="a">[Fic]</subfield>
         <subfield code="2">23</subfield>
      </datafield>
      <datafield ind1=" " ind2=" " tag="090">
         <subfield code="a">FIC BRA WAR 2015</subfield>
         <subfield code="b">AFMK</subfield>
      </datafield>
      <datafield ind1=" " ind2=" " tag="090">
         <subfield code="a">PZ 7 B7247 War 2015</subfield>
         <subfield code="b">AEU</subfield>
      </datafield>
      <datafield ind1="1" ind2=" " tag="100">
         <subfield code="a">Bradley, Kimberly Brubaker,</subfield>
         <subfield code="e">author.</subfield>
         <subfield code="0">http://id.loc.gov/authorities/names/n97040889</subfield>
         <subfield code="0">http://viaf.org/viaf/16507679</subfield>
      </datafield>
      <datafield ind1="1" ind2="4" tag="245">
         <subfield code="a">The war that saved my life /</subfield>
         <subfield code="c">by Kimberly Brubaker Bradley.</subfield>
      </datafield>
      <datafield ind1=" " ind2="1" tag="264">
         <subfield code="a">New York, New York :</subfield>
         <subfield code="b">Dial Books for Young Readers, an imprint of Penguin Group (USA) LLC,</subfield>
         <subfield code="c">[2015]</subfield>
      </datafield>
      <datafield ind1=" " ind2="4" tag="264">
         <subfield code="c">©2015</subfield>
      </datafield>
      <datafield ind1=" " ind2=" " tag="300">
         <subfield code="a">316 pages ;</subfield>
         <subfield code="c">22 cm</subfield>
      </datafield>
      <datafield ind1=" " ind2=" " tag="336">
         <subfield code="a">text</subfield>
         <subfield code="2">rdacontent</subfield>
         <subfield code="0">http://id.loc.gov/vocabulary/contentTypes/txt</subfield>
      </datafield>
      <datafield ind1=" " ind2=" " tag="337">
         <subfield code="a">unmediated</subfield>
         <subfield code="2">rdamedia</subfield>
         <subfield code="0">http://id.loc.gov/vocabulary/mediaTypes/n</subfield>
      </datafield>
      <datafield ind1=" " ind2=" " tag="338">
         <subfield code="a">volume</subfield>
         <subfield code="2">rdacarrier</subfield>
         <subfield code="0">http://id.loc.gov/vocabulary/carriers/nc</subfield>
      </datafield>
      <datafield ind1=" " ind2=" " tag="520">
         <subfield code="a">A young disabled girl and her brother are evacuated from London to the English countryside during World War II, where they find life to be much sweeter away from their abusive mother.</subfield>
      </datafield>
      <datafield ind1=" " ind2=" " tag="596">
         <subfield code="a">8 41</subfield>
      </datafield>
      <datafield ind1=" " ind2="0" tag="650">
         <subfield code="a">World War, 1939-1945</subfield>
         <subfield code="x">Evacuation of civilians</subfield>
         <subfield code="z">Great Britain</subfield>
         <subfield code="v">Juvenile fiction.</subfield>
      </datafield>
      <datafield ind1=" " ind2="0" tag="650">
         <subfield code="a">World War, 1939-1945</subfield>
         <subfield code="x">Evacuation of civilians</subfield>
         <subfield code="v">Juvenile fiction.</subfield>
      </datafield>
      <datafield ind1=" " ind2="0" tag="650">
         <subfield code="a">Children with disabilities</subfield>
         <subfield code="v">Juvenile fiction.</subfield>
      </datafield>
      <datafield ind1=" " ind2="0" tag="650">
         <subfield code="a">Brothers and sisters</subfield>
         <subfield code="v">Juvenile fiction.</subfield>
         <subfield code="0">http://id.loc.gov/authorities/subjects/sh2007102168</subfield>
      </datafield>
      <datafield ind1=" " ind2="0" tag="651">
         <subfield code="a">Great Britain</subfield>
         <subfield code="x">History</subfield>
         <subfield code="y">George VI, 1936-1952</subfield>
         <subfield code="v">Juvenile fiction.</subfield>
      </datafield>
      <datafield ind1=" " ind2=" " tag="758">
         <subfield code="0">http://worldcat.org/entity/work/id/23729479</subfield>
      </datafield>
      <datafield ind1="0" ind2=" " tag="787">
         <subfield code="n">OCLC Work Id</subfield>
         <subfield code="o">http://worldcat.org/entity/work/id/23729479</subfield>
      </datafield>
      <datafield ind1=" " ind2=" " tag="926">
         <subfield code="a">FIC BRA WAR 2015</subfield>
         <subfield code="w">LC</subfield>
         <subfield code="c">1</subfield>
         <subfield code="i">34917001371884</subfield>
         <subfield code="l">CURRIC_YA</subfield>
         <subfield code="m">KEYANO</subfield>
         <subfield code="p">$11.89</subfield>
         <subfield code="r">Y</subfield>
         <subfield code="s">Y</subfield>
         <subfield code="t">CURR_BOOK</subfield>
         <subfield code="u">12/10/2014</subfield>
         <subfield code="o">.STAFF. Rec'd Jan/15 MW</subfield>
      </datafield>
      <datafield ind1=" " ind2=" " tag="926">
         <subfield code="a">PZ 7 B7247 War 2015</subfield>
         <subfield code="w">LC</subfield>
         <subfield code="c">1</subfield>
         <subfield code="i">0162035228517</subfield>
         <subfield code="d">3/4/2016</subfield>
         <subfield code="e">3/2/2016</subfield>
         <subfield code="l">CURRICULUM</subfield>
         <subfield code="m">UAEDUC</subfield>
         <subfield code="n">1</subfield>
         <subfield code="p">$150.00</subfield>
         <subfield code="r">Y</subfield>
         <subfield code="s">Y</subfield>
         <subfield code="t">BOOK</subfield>
         <subfield code="u">1/30/2015</subfield>
      </datafield>
   </record>
</collection>
